<record><leader>00000cas a22000007a 4500</leader><controlfield tag="001">14265239</controlfield><controlfield tag="008">860925d18uu1uuutxuuu ne      0    0eng d</controlfield><datafield ind1=" " ind2=" " tag="010"><subfield code="a">sn 86089386 </subfield></datafield><datafield ind1=" " ind2=" " tag="040"><subfield code="a">PPM</subfield><subfield code="b">eng</subfield><subfield code="c">PPM</subfield><subfield code="d">DLC</subfield><subfield code="d">OCLCQ</subfield></datafield><datafield ind1=" " ind2=" " tag="042"><subfield code="a">msc</subfield></datafield><datafield ind1="0" ind2=" " tag="130"><subfield code="a">East Texas times (Henderson, Tex.)</subfield></datafield><datafield ind1="1" ind2="4" tag="245"><subfield code="a">The East Texas times.</subfield></datafield><datafield ind1=" " ind2=" " tag="260"><subfield code="a">Henderson, Tex. :</subfield><subfield code="b">S.B. Johnson</subfield></datafield><datafield ind1=" " ind2=" " tag="300"><subfield code="a">v.</subfield></datafield><datafield ind1=" " ind2=" " tag="588"><subfield code="a">Description based on: Vol. 2, no. 52 (Mar. 1, 1862).</subfield></datafield><datafield ind1=" " ind2=" " tag="752"><subfield code="a">United States</subfield><subfield code="b">Texas</subfield><subfield code="c">Rusk</subfield><subfield code="d">Henderson.</subfield></datafield></record>